%%%%%%%%%%%%%%%%%%
%%%  SNOW 2014 %%%
%%%%%%%%%%%%%%%%%%

@article{ballan2011event,
  author    = {Ballan, Lamberto and Bertini, Marco and Del Bimbo, Alberto and Seidenari, Lorenzo and Serra, Giuseppe},
  title     = {Event detection and recognition for semantic annotation of video},
  journal   = {Multimedia Tools and Applications},
  volume    = {51},
  number    = {1},
  pages     = {279--302},
  year      = {2011},
}

@inproceedings{de2013discovering,
  author    = {De Vocht, Laurens and Coppens, Sam and Verborgh, Ruben and Vander Sande, Miel and Mannens, Erik and Van de Walle, Rik},
  title     = {Discovering Meaningful Connections between Resources in the {Web of Data}},
  booktitle = {6$^{th}$ Internation Workshop on Linked Data on the Web (LDOW'13)},
  year      = {2013},
}

@inproceedings{katsiouli2007,
  author    = {Katsiouli, Polyxeni and Tsetsos, Vassileios and Hadjiefthymiades, Stathes},
  title     = {Semantic video classification based on subtitles and domain terminologies},
  booktitle = {1$^{st}$ International Workshop on Knowledge Acquisition from Multimedia Content (KAMC'07)},
  year      = {2007}
}

@INPROCEEDINGS{LiJia2007,
  author    = {Li-Jia Li and Li Fei-Fei},
  title     = {What, where and who? Classifying events by scene and object recognition},
  booktitle = {IEEE 11$^{th}$ International Conference on Computer Vision (ICCV'07)},
  year      = {2007},
  pages     = {1-8},
}

@inproceedings{yunjia2013,
  author =      {{L}i, {Y}unjia and  {R}izzo, {G}iuseppe and  {R}edondo {G}arcia, {J}os{\'e} {L}uis and  {T}roncy, {R}apha{\"e}l},
  title =       {{E}nriching media fragments with named entities for video classification},
  booktitle =   {1$^{st}$ Worldwide Web Workshop on Linked Media (LiME'13)},
  address =     {Rio de Janeiro, Brazil},
  year =        {2013},
}

@inproceedings{moore2012novel,
  author={Moore, Joshua L and Steinke, Florian and Tresp, Volker},
  title={A novel metric for information retrieval in semantic networks},
  booktitle={The Semantic Web: ESWC 2011 Workshops},
  pages={65--79},
  year={2012},
}

@techreport{page1999pagerank,
  author={Lawrence Page and Sergey Brin and Rajeev Motwani and Terry Winograd},
  title={{The PageRank citation ranking: bringing order to the web}},
  year={1999},
  institution={Stanford InfoLab}
}

@INPROCEEDINGS{Rizzo2012b,
	author    = {Rizzo, Giuseppe  and  Troncy, Raphael},
	title     = {{NERD: A Framework for Unifying Named Entity Recognition and Disambiguation Extraction Tools}},
	booktitle = {13$^{th}$ Conference of the European Chapter of the Association for Computational Linguistics (EACL'12)},
	year      = {2012},
  	address   = {Avignon, France},
}

@inproceedings{winkler2006overview,
  author={Winkler, William E},
  title={Overview of record linkage and current research directions},
  booktitle={Bureau of the Census},
  year={2006},
}
